<record><leader>00000cas a22000007a 4500</leader><controlfield tag="001">20488070</controlfield><controlfield tag="008">891013d19731980moudn ne      0    0eng d</controlfield><datafield ind1=" " ind2=" " tag="010"><subfield code="a">sn 89067073 </subfield></datafield><datafield ind1=" " ind2=" " tag="040"><subfield code="a">MQN</subfield><subfield code="b">eng</subfield><subfield code="c">MQN</subfield><subfield code="d">OCLCQ</subfield></datafield><datafield ind1=" " ind2=" " tag="042"><subfield code="a">msc</subfield></datafield><datafield ind1="0" ind2="0" tag="245"><subfield code="a">Daily statesman-messenger.</subfield></datafield><datafield ind1=" " ind2=" " tag="260"><subfield code="a">Dexter, Mo. :</subfield><subfield code="b">Barney Miller</subfield></datafield><datafield ind1=" " ind2=" " tag="300"><subfield code="a">v.</subfield></datafield><datafield ind1=" " ind2=" " tag="310"><subfield code="a">Daily (except Sat. &amp; Sun.)</subfield></datafield><datafield ind1="1" ind2=" " tag="362"><subfield code="a">Began in 1973.</subfield></datafield><datafield ind1="0" ind2=" " tag="362"><subfield code="a">-v. 109, no. 191 (Apr. 18, 1980) ; Apr. 21, 1980-May 16, 1980.</subfield></datafield><datafield ind1=" " ind2=" " tag="515"><subfield code="a">Continues numbering of: Dexter messenger.</subfield></datafield><datafield ind1=" " ind2=" " tag="588"><subfield code="a">Description based on: Vol. 104, no. 46 (May 4, 1973).</subfield></datafield><datafield ind1=" " ind2="4" tag="651"><subfield code="a">Dexter (Mo.)</subfield><subfield code="v">Newspapers.</subfield></datafield><datafield ind1=" " ind2=" " tag="752"><subfield code="a">United States</subfield><subfield code="b">Missouri</subfield><subfield code="c">Stoddard</subfield><subfield code="d">Dexter.</subfield></datafield><datafield ind1="0" ind2="4" tag="780"><subfield code="t">Dexter messenger</subfield><subfield code="w">(DLC)sn 89067071</subfield></datafield><datafield ind1="0" ind2="4" tag="780"><subfield code="t">Dexter statesman</subfield><subfield code="w">(DLC)sn 89067072</subfield></datafield><datafield ind1="0" ind2="0" tag="785"><subfield code="t">Daily statesman (Dexter, Mo.)</subfield><subfield code="w">(DLC)sn 89067074</subfield></datafield><datafield ind1="1" ind2=" " tag="029"><subfield code="a">AU@</subfield><subfield code="b">000020621257</subfield></datafield></record>